@presentation{GDP,
    author = {Eric Allman and Ken Lutz and Nitesh Mor},
    title = {The Global Data Plane Prototype},
    month = {February},
    year = {2015},
    note = {Poster presented at the 2015 Berkeley EECS Annual Research Symposium (BEARS).},
    abstract = {(No abstract.)},
    URL = {http://terraswarm.org/pubs/508.html}
}

@inproceedings{OceanStore,
  title={Pond: The OceanStore Prototype.},
  author={Rhea, Sean C and Eaton, Patrick R and Geels, Dennis and Weatherspoon, Hakim and Zhao, Ben Y and Kubiatowicz, John},
  booktitle={FAST},
  volume={3},
  pages={1--14},
  year={2003}
}

@article{LFS,
  title={The design and implementation of a log-structured file system},
  author={Rosenblum, Mendel and Ousterhout, John K},
  journal={ACM Transactions on Computer Systems (TOCS)},
  volume={10},
  number={1},
  pages={26--52},
  year={1992},
  publisher={ACM}
}

@article{ARIES,
  title={ARIES: a transaction recovery method supporting fine-granularity locking and partial rollbacks using write-ahead logging},
  author={Mohan, C and Haderle, Don and Lindsay, Bruce and Pirahesh, Hamid and Schwarz, Peter},
  journal={ACM Transactions on Database Systems (TODS)},
  volume={17},
  number={1},
  pages={94--162},
  year={1992},
  publisher={ACM}
}

@online{FUSE,
    author = {Nikolaus Rath},
    title = {FUSE (Filesystem in Userspace)},
    note = {https://github.com/libfuse/libfuse}
}

@inproceedings{Kafka,
  title={Kafka: A distributed messaging system for log processing},
  author={Kreps, Jay and Narkhede, Neha and Rao, Jun and others},
  year={2011},
  organization={NetDB}
}

@online{FSFS,
    author= {Nicola Cocchiaro},
    title = {FSFS: The Fast Secure File System},
    note = {http://fsfs.sourceforge.net/}
}

@online{Tahoe,
    author= {Brian Warner and Zooko Wilcox-O'Hearn and Rob Kinninmont},
    title = {Tahoe: A Secure Distributed Filesystem},
    note = {https://tahoe-lafs.org/~warner/pycon-tahoe.html}
}

@book{CCRDBS,
  title={Concurrency Control and Recovery in Database Systems},
  author={Philip A. Bernstein, Vassos Hadzilacos, Nathan Goodman},
  year={1987},
  publisher={Microsoft Research}
}

@Inproceedings {KRLSIC,
  author = {David B. Lomet},
  month = {January},
  publisher = {Morgan Kaufmann Publishers},
  title = {Key Range Locking Strategies for Improved Concurrency},
  url = {http://research.microsoft.com/apps/pubs/default.aspx?id=68374},
  year = {1993},
}

@book{AFS,
  title={An overview of the andrew file system},
  author={Howard, John H and others},
  year={1988},
  publisher={Carnegie Mellon University, Information Technology Center}
}

@inproceedings{NFS,
  title={Design and implementation of the Sun network filesystem},
  author={Sandberg, Russel and Goldberg, David and Kleiman, Steve and Walsh, Dan and Lyon, Bob},
  booktitle={Proceedings of the Summer USENIX conference},
  pages={119--130},
  year={1985}
}

@article{BTRFS,
  title={BTRFS: The Linux B-tree filesystem},
  author={Rodeh, Ohad and Bacik, Josef and Mason, Chris},
  journal={ACM Transactions on Storage (TOS)},
  volume={9},
  number={3},
  pages={9},
  year={2013},
  publisher={ACM}
}
